<?xml version="1.0" encoding="UTF-8"?><collection xmlns="http://www.loc.gov/MARC21/slim"><record><leader>00423nam--2200133-i-4500</leader><controlfield tag="001">000024654</controlfield><controlfield tag="002">20161230</controlfield><controlfield tag="005">20161230201035</controlfield><controlfield tag="008">060222s1000------------r-----000-0-eng-d</controlfield><datafield ind1=" " ind2=" " tag="080"><subfield code="a">537.622(043)</subfield></datafield><datafield ind1=" " ind2=" " tag="100"><subfield code="a">Iglesias, Jose Roberto</subfield></datafield><datafield ind1=" " ind2=" " tag="245"><subfield code="a">Etude theoretique de quelaues proprietes magnetiques, calorimetriques et de transport de systemes d`actinides. theses</subfield></datafield><datafield ind1=" " ind2=" " tag="260"><subfield code="a">Orsay, Universite Paris-sud, 1977</subfield></datafield><datafield ind1=" " ind2=" " tag="852"><subfield code="a">77914</subfield></datafield></record></collection>